<record><leader>00000cas a2200000 a 4500</leader><controlfield tag="001">9708751</controlfield><controlfield tag="008">830715d18711871ksuwr ne      0    0eng d</controlfield><datafield ind1=" " ind2=" " tag="010"><subfield code="a">sn 83040435 </subfield></datafield><datafield ind1=" " ind2=" " tag="040"><subfield code="a">KSH</subfield><subfield code="b">eng</subfield><subfield code="c">KSH</subfield><subfield code="d">NPT</subfield><subfield code="d">OCL</subfield><subfield code="d">OCLCQ</subfield><subfield code="d">OCLCF</subfield><subfield code="d">OCLCO</subfield></datafield><datafield ind1=" " ind2=" " tag="042"><subfield code="a">msc</subfield></datafield><datafield ind1="0" ind2="4" tag="245"><subfield code="a">The Weekly anti-monopolist.</subfield></datafield><datafield ind1=" " ind2=" " tag="260"><subfield code="a">Fort Scott, Kan. :</subfield><subfield code="b">Anti-Monopolist Pub. Co.</subfield></datafield><datafield ind1=" " ind2=" " tag="300"><subfield code="a">v. ;</subfield><subfield code="c">71 cm.</subfield></datafield><datafield ind1=" " ind2=" " tag="310"><subfield code="a">Weekly</subfield></datafield><datafield ind1="0" ind2=" " tag="362"><subfield code="a">Vol. 1, no. 6 (Mar. 2, 1871)-</subfield></datafield><datafield ind1="1" ind2=" " tag="362"><subfield code="a">Ceased in 1871?</subfield></datafield><datafield ind1=" " ind2=" " tag="500"><subfield code="a">Published in Osage Mission, Kan., Apr. 27, 1871.</subfield></datafield><datafield ind1=" " ind2=" " tag="515"><subfield code="a">Suspended with Mar. 9, 1871 issue; resumed with Apr. 27, 1871 issue.</subfield></datafield><datafield ind1=" " ind2="0" tag="650"><subfield code="a">Monopolies</subfield><subfield code="v">Periodicals.</subfield></datafield><datafield ind1=" " ind2="7" tag="655"><subfield code="a">Periodicals.</subfield><subfield code="2">fast</subfield><subfield code="0">(OCoLC)fst01411641</subfield></datafield><datafield ind1=" " ind2="7" tag="650"><subfield code="a">Monopolies.</subfield><subfield code="2">fast</subfield><subfield code="0">(OCoLC)fst01025673</subfield></datafield><datafield ind1=" " ind2=" " tag="752"><subfield code="a">United States</subfield><subfield code="b">Kansas</subfield><subfield code="c">Bourbon</subfield><subfield code="d">Fort Scott.</subfield></datafield><datafield ind1=" " ind2=" " tag="752"><subfield code="a">United States</subfield><subfield code="b">Kansas</subfield><subfield code="c">Neosho</subfield><subfield code="d">Osage Mission.</subfield></datafield><datafield ind1="0" ind2="0" tag="780"><subfield code="t">Anti-monopolist (Parsons, Kan.)</subfield><subfield code="w">(DLC)sn 85031559</subfield></datafield></record>